@misc{web:ing,
  author = {ING Bank Śląski},
  title = {Giełdowe {ABC} - krzywa {MACD}},
  note = {Artykuł dostępny pod adresem: \url{https://www.edukacjagieldowa.pl/gieldowe-abc/analiza-techniczna/narzedzia-analizy-technicznej/krzywa-macd/}}
}
@misc{web:wiki,
  author = {Wikipedia},
  title = {{MACD}},
  note = {\url{https://en.wikipedia.org/wiki/MACD}}
}